@Misc{edelman,
  author       = {Search Engine Journal},
  title        = {Over $60\%$ of People Trust Google for News vs. Actual News Sources},
  howpublished = {Website},
  month        = {01},
  year         = {2016},
  url          = {https://www.searchenginejournal.com/google-news-2/154475/},
}

@Misc{googleheadlines,
  author       = {Patrick Hoge},
  title        = {Survey: $44\%$ stop at Google News headlines},
  howpublished = {Website},
  month        = {01},
  year         = {2010},
  url          = {https://www.bizjournals.com/sanfrancisco/stories/2010/01/18/daily24.html},
}

@Misc{krishna,
  author       = {Krishna Bharat},
  title        = {Google News turns 10},
  howpublished = {Website},
  month        = {09},
  year         = {2012},
  url          = {https://blog.google/topics/journalism-news/google-news-turns-10/},
}

@Misc{nytimes,
  author       = {Jeremy Barr},
  title        = {The New York Times Pulls Back Ahead of the Washington Post for Unique Visitors},
  howpublished = {Website},
  month        = {02},
  year         = {2016},
  url          = {http://adage.com/article/media/york-times-pulls-back-ahead-washington-post/302720/},
}

@Misc{censor,
  author       = {Robert Epstein},
  title        = {The New Censorship},
  howpublished = {Website},
  month        = {06},
  year         = {2016},
  url          = {https://www.usnews.com/opinion/articles/2016-06-22/google-is-the-worlds-biggest-censor-and-its-power-must-be-regulated},
}

@Misc{newsvalue,
  author       = {Tim Worstall},
  title        = {If Google News Is Worth $\$100$ Million Then Why Can't Google Pay The Newspaper Publishers?},
  howpublished = {Website},
  month        = {12},
  year         = {2014},
  url          = {https://www.forbes.com/sites/timworstall/2014/12/14/if-google-news-is-worth-100-million-then-why-cant-google-pay-the-newspaper-publishers/#7496b2b555a1},
}

@Misc{springer,
  author       = {Harro Ten Wolde and Eric Auchard},
  title        = {Germany's top publisher bows to Google in news licensing row},
  howpublished = {Website},
  month        = {11},
  year         = {2014},
  url          = {https://www.reuters.com/article/us-google-axel-sprngr/germanys-top-publisher-bows-to-google-in-news-licensing-row-idUSKBN0IP1YT20141105},
}

@Misc{fakenews,
  author       = {Jessica Conditt},
  title        = {Google partners with fact-checking network to fight fake news},
  howpublished = {Website},
  month        = {10},
  year         = {2017},
  url          = {https://www.engadget.com/2017/10/26/google-fake-news-international-fact-checking-network/},
}

@TechReport{2007algo,
  author      = {Abhinandan Das and Mayur Datar and Ashutosh Garg and Shyam Rajaram},
  title       = {Google News Personalization: Scalable Online Collaborative Filtering},
  institution = {Google Inc.},
  year        = {2007},
}

@Misc{googlearch,
  author       = {Jack Vaughan},
  title        = {Google's big data infrastructure: Don't try this at home?},
  howpublished = {Website},
  month        = {10},
  year         = {2013},
  url          = {http://searchdatamanagement.techtarget.com/opinion/Googles-big-data-infrastructure-Dont-try-this-at-home},
}

@Misc{wuabt,
  author       = {Weather Underground},
  title        = {Weather Underground - About Our Data},
  howpublished = {Website},
  year         = {2017},
  url          = {https://www.wunderground.com/about/data},
}

@Misc{ibm,
  author       = {IBM},
  title        = {IBM Plans to Acquire The Weather Company’s Product and Technology Businesses; Extends Power of Watson to the Internet of Things},
  howpublished = {Press Release},
  month        = {10},
  year         = {2015},
  url          = {http://www-03.ibm.com/press/us/en/pressrelease/47952.wss},
}

@Misc{wuinf,
  author       = {Antony Savvas},
  title        = {The Weather Company turns to open source big data analytics},
  howpublished = {Website},
  month        = {11},
  year         = {2014},
  url          = {https://www.computerworlduk.com/data/kpmg-launches-big-data-investment-fund-3489089/},
}

@Misc{ibminterview,
  author       = {Bloomberg},
  title        = {Why IBM Is Buying Weather Co. Digital Assets},
  howpublished = {Interview},
  month        = {10},
  year         = {2015},
  url          = {https://www.youtube.com/watch?v=4LiOT1qBfYU},
}

@Misc{edge,
  author       = {Raj Talluri},
  title        = {Why edge computing is critical for the IoT},
  howpublished = {Website},
  month        = {10},
  year         = {2017},
  url          = {https://www.networkworld.com/article/3234708/internet-of-things/why-edge-computing-is-critical-for-the-iot.html},
}

@Misc{msft,
  author       = {Microsoft},
  title        = {Five ways edge computing will transform business},
  howpublished = {Website},
  month        = {09},
  year         = {2017},
  url          = {https://blogs.microsoft.com/iot/2017/09/19/five-ways-edge-computing-will-transform-business/},
}

@Misc{fraud,
  author       = {John Kiernan},
  title        = {Credit Card \& Debit Card Fraud Statistics},
  howpublished = {Website},
  month        = {02},
  year         = {2017},
  url          = {https://wallethub.com/edu/credit-debit-card-fraud-statistics/25725/},
}

@Misc{visa,
  author       = {Visa},
  title        = {Visa Ready and IoT Payments},
  howpublished = {Website},
  year         = {2017},
  url          = {https://usa.visa.com/visa-everywhere/innovation/visa-ready-and-iot-payments.html},
}

@Misc{biometric,
  author       = {Visa},
  title        = {Visa Ready: Biometrics},
  howpublished = {Website},
  year         = {2017},
  url          = {https://visaready.visa.com/Biometric_program_detail.html},
}

@Misc{fico,
  author = {FICO},
  title  = {Behavioral Analytics Attack Fraud, Cyber and Financial Crime},
  month  = {04},
  year   = {2017},
  url    = {http://www.fico.com/en/blogs/analytics-optimization/behavioral-analytics-for-fraud-cyber-and-financial-crime/},
}

@Misc{biometricsensors,
  author       = {Claire Scholz},
  title        = {Biometrics to Secure the Internet of Things},
  howpublished = {Website},
  month        = {12},
  year         = {2015},
  url          = {https://blog.bioconnect.com/2552/biometrics-to-secure-the-internet-of-things/},
}

@Misc{biometricuses,
  author       = {Ajit Jaokar},
  title        = {Behavioural Biometrics, IoT and AI},
  howpublished = {Website},
  month        = {10},
  year         = {2017},
  url          = {https://www.datasciencecentral.com/profiles/blogs/behavioural-biometrics-iot-and-ai},
}

@Misc{ibmvisa,
  author = {Karen Lewis},
  title  = {Visa and IBM are bringing the world secure payment experiences through the IoT},
  month  = {02},
  year   = {2017},
  url    = {https://www.ibm.com/blogs/internet-of-things/visa/},
}

@Misc{ashton,
  author       = {Arik Gabbai},
  title        = {Kevin Ashton Describes “the Internet of Things”},
  howpublished = {Magazine},
  month        = {01},
  year         = {2015},
  url          = {https://www.smithsonianmag.com/innovation/kevin-ashton-describes-the-internet-of-things-180953749/},
}

@Misc{gartnerconnected,
  author = {Gartner},
  title  = {Gartner Says 8.4 Billion Connected "Things" Will Be in Use in 2017, Up 31 Percent From 2016},
  month  = {02},
  year   = {2017},
}

@Misc{gps,
  author       = {Mark Sullivan},
  title        = {A brief history of GPS},
  howpublished = {Website},
  month        = {08},
  year         = {2012},
  url          = {https://www.pcworld.com/article/2000276/a-brief-history-of-gps.html},
}

@Misc{lopez,
  author       = {Lopez Research},
  title        = {An Introduction to the Internet of Things (IoT)},
  howpublished = {Research Report},
  month        = {11},
  year         = {2013},
  url          = {https://www.cisco.com/c/dam/en_us/solutions/trends/iot/introduction_to_IoT_november.pdf},
}

@Misc{wind,
  author       = {Suzanne Kattau},
  title        = {Research from Gartner: Real-Time Analytics with the Internet of Things},
  howpublished = {Website},
  month        = {06},
  year         = {2015},
  url          = {https://www.rtinsights.com/research-from-gartner-real-time-analytics-with-the-internet-of-things-dw/},
}

@Misc{garmin,
  author       = {Garmin},
  title        = {Garmin Edge 500},
  howpublished = {Website},
  year         = {2017},
  url          = {https://buy.garmin.com/en-US/US/p/36728#overview},
}

@Misc{iotdata,
  author       = {Versa Technology},
  title        = {How much Data will The Internet of Things (IoT) Generate by 2020?},
  howpublished = {Website},
  month        = {10},
  year         = {2017},
  url          = {https://www.versatek.com/blog/how-much-data-will-the-internet-of-things-iot-generate-by-2020/},
}

@Misc{privacy,
  author       = {Neil McAllister},
  title        = {How many mobile apps collect data on users? Oh ... nearly all of them},
  howpublished = {Website},
  month        = {02},
  year         = {2014},
  url          = {https://www.theregister.co.uk/2014/02/21/appthority_app_privacy_study/},
}

@Misc{googleanalytics,
  author       = {Google},
  title        = {Mobile App Reporting in Google Analytics - iOS},
  howpublished = {Website},
  year         = {2017},
  url          = {https://developers.google.com/analytics/devguides/collection/firebase/ios/#how_does_it_work},
}

@Misc{fatalities,
  author       = {Sam Levin and Mark Harris},
  title        = {The road ahead: self-driving cars on the brink of a revolution in California},
  howpublished = {Website},
  month        = {03},
  year         = {2017},
  url          = {https://www.theguardian.com/technology/2017/mar/17/self-driving-cars-california-regulation-google-uber-tesla},
}

@Misc{autonomousimpact,
  author       = {Nabeel Hyatt},
  title        = {Autonomous driving is here, and it’s going to change everything},
  howpublished = {Website},
  month        = {04},
  year         = {2017},
  url          = {https://www.recode.net/2017/4/19/15364608/autonomous-self-driving-cars-impact-disruption-society-mobility},
}

@Misc{gmcto,
  author       = {Johana Bhuiyan},
  title        = {GM’s self-driving division has hired a former top Uber engineer as its first CTO},
  howpublished = {Website},
  month        = {11},
  year         = {2017},
  url          = {https://www.recode.net/2017/11/30/16720994/gm-cruise-cto-susan-fowler},
}

@Misc{nvidia,
  author       = {Andrew Hawkins},
  title        = {Nvidia says its new supercomputer will enable the highest level of automated driving},
  howpublished = {Website},
  month        = {10},
  year         = {2017},
  url          = {https://www.theverge.com/2017/10/10/16449416/nvidia-pegasus-self-driving-car-ai-robotaxi},
}

@Misc{vehiclecomm,
  author       = {Philip Adams},
  title        = {Why self-driving cars can't start without edge computing},
  howpublished = {Website},
  month        = {07},
  year         = {2017},
  url          = {https://knect365.com/cloud-enterprise-tech/article/b4751c4b-7b5d-4407-8789-420289799988/autonomous-cars-cant-start-without-edge-computing},
}

@Misc{tesla,
  author       = {Michael Coren},
  title        = {Tesla has 780 million miles of driving data, and adds another million every 10 hours},
  howpublished = {Website},
  month        = {05},
  year         = {2016},
  url          = {https://qz.com/694520/tesla-has-780-million-miles-of-driving-data-and-adds-another-million-every-10-hours/},
}

@Misc{sensorcardata,
  author       = {Patrick Nelson},
  title        = {Just one autonomous car will use 4,000 GB of data/day},
  howpublished = {Website},
  month        = {12},
  year         = {2016},
  url          = {https://www.networkworld.com/article/3147892/internet/one-autonomous-car-will-use-4000-gb-of-dataday.html},
}

@Misc{howsensorswork,
  author       = {Christian Gilbertson},
  title        = {Here's How The Sensors in Autonomous Cars Work},
  howpublished = {Website},
  month        = {03},
  year         = {2017},
  url          = {http://www.thedrive.com/tech/8657/heres-how-the-sensors-in-autonomous-cars-work},
}

@Misc{elderly,
  author       = {Isaac Christiansen},
  title        = {The Internet of Things and the Evolution of Elderly Care},
  howpublished = {Website},
  month        = {06},
  year         = {2017},
  url          = {http://www.iotevolutionworld.com/smart-home/articles/432936-internet-things-the-evolution-elderly-care.htm},
}

@Misc{elderlypop,
  author       = {Mark Mather},
  title        = {Fact Sheet: Aging in the United States},
  howpublished = {Media Guide},
  month        = {01},
  year         = {2016},
  url          = {http://www.prb.org/Publications/Media-Guides/2016/aging-unitedstates-fact-sheet.aspx},
}

@Misc{edgehealth,
  author       = {Heather Thompson},
  title        = {Edge computing: It’s what healthcare IoT craves},
  howpublished = {Website},
  month        = {03},
  year         = {2017},
  url          = {http://www.medicaldesignandoutsourcing.com/edge-computing-healthcare-iot-craves/},
}

@Misc{seniorgps,
  author = {Reenita Das},
  title  = {10 Ways The Internet of Medical Things Is Revolutionizing Senior Care},
  month  = {05},
  year   = {2017},
  url    = {https://www.forbes.com/sites/reenitadas/2017/05/22/10-ways-internet-of-medical-things-is-revolutionizing-senior-care/#5e01a7965c8f},
}

@Misc{mcafee,
  author       = {Gary Davis},
  title        = {A Cybersecurity Carol: Key Takeaways From This Year’s Most Hackable Holiday Gifts},
  howpublished = {Website},
  month        = {11},
  year         = {2017},
  url          = {https://securingtomorrow.mcafee.com/consumer/consumer-threat-notices/most-hackable-gifts/},
}

@Misc{updateiot,
  author       = {University of Missouri System},
  title        = {Securing the Internet of Things (IoT)},
  howpublished = {Website},
  month        = {11},
  year         = {2016},
  url          = {https://www.umsystem.edu/makeitsafe/securing_the_internet_of_things_iot},
}

@Misc{target,
  author = {Taylor Armerding},
  title  = {The 16 biggest data breaches of the 21st century},
  month  = {10},
  year   = {2017},
  url    = {https://www.csoonline.com/article/2130877/data-breach/the-16-biggest-data-breaches-of-the-21st-century.html},
}

@Misc{halfbreach,
  author = {Freddie Roberts},
  title  = {Half of US companies hit by IoT security breaches, says survey},
  month  = {06},
  year   = {2017},
  url    = {https://internetofbusiness.com/half-us-iot-security-breach/},
}

@Misc{mirai,
  author       = {Kayla Matthews},
  title        = {4 Statistics That Reveal Major Problems With IoT Security},
  howpublished = {Website},
  month        = {02},
  year         = {2017},
  url          = {https://channels.theinnovationenterprise.com/articles/4-statistics-that-reveal-major-problems-with-iot-security},
}

@Misc{botnet,
  author       = {Symantec Security Response},
  title        = {Mirai: what you need to know about the botnet behind recent major DDoS attacks},
  howpublished = {Website},
  month        = {10},
  year         = {2016},
  url          = {https://www.symantec.com/connect/blogs/mirai-what-you-need-know-about-botnet-behind-recent-major-ddos-attacks},
}

@Misc{gartner95,
  author       = {Kasey Panetta},
  title        = {Gartner Top Strategic Predictions for 2018 and Beyond},
  howpublished = {Website},
  month        = {10},
  year         = {2017},
  url          = {https://www.gartner.com/smarterwithgartner/gartner-top-strategic-predictions-for-2018-and-beyond/},
}

@Misc{mckinsey,
  author       = {McKinsey Global Institute},
  title        = {The Internet of Things: Five critical questions},
  howpublished = {Website},
  month        = {08},
  year         = {2015},
  url          = {https://www.mckinsey.com/industries/high-tech/our-insights/the-internet-of-things-five-critical-questions},
}

@Misc{smarttvdumb,
  author       = {Stilgherrian},
  title        = {Smart TVs are dumb, and so are we},
  howpublished = {Website},
  month        = {10},
  year         = {2013},
  url          = {http://www.zdnet.com/article/smart-tvs-are-dumb-and-so-are-we/},
}

@Misc{smarttvspy,
  author       = {Steven J. Vaughan-Nichols},
  title        = {​How to keep your smart TV from spying on you},
  howpublished = {Website},
  month        = {03},
  year         = {2017},
  url          = {http://www.zdnet.com/article/how-to-keep-your-smart-tv-from-spying-on-you/},
}

@Misc{smarttvsettle,
  author = {Jacob Kastrenakes},
  title  = {Most smart TVs are tracking you — Vizio just got caught},
  month  = {02},
  year   = {2017},
  url    = {https://www.theverge.com/2017/2/7/14527360/vizio-smart-tv-tracking-settlement-disable-settings},
}

@Misc{retail,
  author       = {National Retail Federation},
  title        = {The Economic Impact of the U.S. Retail Industry},
  howpublished = {Website},
  year         = {2017},
  url          = {https://nrf.com/resources/retail-library/the-economic-impact-of-the-us-retail-industry},
}

@Misc{amznretail,
  author       = {Lauren Thomas},
  title        = {This chart shows how quickly Amazon is 'eating the retail world'},
  howpublished = {Website},
  year         = {2017},
  url          = {https://www.cnbc.com/2017/07/07/amazon-is-eating-the-retail-world.html},
}

@Misc{amznstyle,
  author       = {Jon Markman},
  title        = {Amazon Using AI, Big Data To Accelerate Profits},
  howpublished = {Website},
  month        = {06},
  year         = {2017},
  url          = {https://www.forbes.com/sites/jonmarkman/2017/06/05/amazon-using-ai-big-data-to-accelerate-profits/#12f2f9cb6d55},
}

@Misc{grocery,
  author       = {Steven Carlini},
  title        = {How the Internet of Things and Edge Computing Will Help Revolutionize the Shopping Experience},
  howpublished = {Website},
  month        = {06},
  year         = {2016},
  url          = {https://blog.schneider-electric.com/datacenter/2016/06/03/iot-edge-computing/},
}

@Misc{facialtech,
  author       = {Annie Lin},
  title        = {Facial recognition is tracking customers as they shop in stores, tech company says},
  howpublished = {Website},
  month        = {11},
  year         = {2017},
  url          = {https://www.cnbc.com/2017/11/23/facial-recognition-is-tracking-customers-as-they-shop-in-stores-tech-company-says.html},
}

@Misc{walmart,
  author       = {Dan O'Shea},
  title        = {Report: Walmart developing facial-recognition tech},
  howpublished = {Website},
  month        = {07},
  year         = {2017},
  url          = {https://www.retaildive.com/news/report-walmart-developing-facial-recognition-tech/447478/},
}

@Misc{npr,
  author       = {Brenda Salinas},
  title        = {High-End Stores Use Facial Recognition Tools To Spot VIPs},
  howpublished = {Website},
  month        = {07},
  year         = {2013},
}
