@TechReport{aireport,
  author      = {Greg Allen and Taniel Chan},
  title       = {Artificial Intelligence and National Security},
  institution = {Harvard Kennedy School - Belfer Center for Science and International Affairs},
  year        = {2017},
  address     = {79 JFK Street, Cambridge, MA 02138},
  month       = {07},
}

@TechReport{economist,
  author      = {The Economist},
  title       = {Taking Flight},
  institution = {The Economist: Technology Quarterly},
  year        = {2017},
  type        = {resreport},
  month       = {06},
}

@TechReport{dronebudget,
  author      = {Dan Gettinger},
  title       = {Drones in the Defense Budget},
  institution = {Center for the Study of Drones},
  year        = {2017},
  type        = {resreport},
  address     = {Bard College},
  month       = {10},
}
@Misc{foxdrone,
  author       = {Allison Barrie},
  title        = {'Star Trek'-style surveillance drone for the US military},
  howpublished = {Website},
  month        = {09},
  year         = {2015},
  url          = {http://www.foxnews.com/tech/2016/09/15/star-trek-style-surveillance-drone-for-us-military.html},
}

@Misc{rq4,
  author       = {Deagel},
  title        = {RQ-4A Global Hawk},
  howpublished = {Website},
  month        = {04},
  year         = {2017},
  url          = {http://www.deagel.com/Support-Aircraft/RQ-4A-Global-Hawk_a000556001.aspx},
}

@Misc{northrq4,
  author       = {Northrop Grumman},
  title        = {Global Hawk},
  howpublished = {Website},
  year         = {2017},
}

@Misc{forbesdrone,
  author       = {Patrick W. Watson},
  title        = {U.S. Military May Soon Deploy Millions Of Drones, Which Presents A Big Investment Opportunity},
  howpublished = {Website},
  month        = {08},
  year         = {2017},
  url          = {https://www.forbes.com/sites/patrickwwatson/2017/08/02/u-s-military-may-soon-deploy-millions-of-drones-which-presents-a-big-investment-opportunity/#4068439334a8},
}

@Misc{aftech,
  author       = {Air Force Technology},
  title        = {RQ-4A/B Global Hawk HALE Reconnaissance UAV},
  howpublished = {Website},
  year         = {2017},
  url          = {http://www.airforce-technology.com/projects/rq4-global-hawk-uav/},
}

@Misc{foxtrot,
  author       = {Tyler Rogoway},
  title        = {Why The USAF's Massive $\$$10 Billion Global Hawk UAV Is Worth The Money},
  howpublished = {Website},
  month        = {09},
  year         = {2014},
  url          = {https://foxtrotalpha.jalopnik.com/why-the-usafs-massive-10-billion-global-hawk-uav-was-w-1629932000},
}

@TechReport{mitswarm,
  author      = {Jamie Condliffe},
  title       = {A 100-Drone Swarm, Dropped from Jets, Plans Its Own Moves},
  institution = {MIT Technology Review},
  year        = {2017},
  type        = {resreport},
  month       = {01},
}

@Misc{60minutes,
  author       = {60 Minutes},
  title        = {New generation of drones set to revolutionize warfare},
  howpublished = {Television},
  month        = {01},
  year         = {2017},
  note         = {Correspondent David Martin},
}

@Misc{washpost,
  author       = {Dan Lamothe},
  title        = {Watch Perdix, the secretive Pentagon program dropping tiny drones from jets},
  howpublished = {Website},
  month        = {03},
  year         = {2016},
  url          = {https://www.washingtonpost.com/news/checkpoint/wp/2016/03/08/watch-perdix-the-secretive-pentagon-program-dropping-tiny-drones-from-jets/?utm_term=.0a44c6311045},
}
@Misc{popularmechanics,
  author       = {Kyle Mizokami},
  title        = {The Pentagon's Autonomous Swarming Drones Are the Most Unsettling Thing You'll See Today},
  howpublished = {Website},
  month        = {01},
  year         = {2017},
  url          = {http://www.popularmechanics.com/military/aviation/a24675/pentagon-autonomous-swarming-drones/},
}

@Misc{ftswarm,
  author       = {Emily Feng and Charles Clover},
  title        = {Drone swarms vs conventional arms: Chinaâ€™s military debate},
  howpublished = {Website},
  month        = {08},
  year         = {2017},
  url          = {https://www.ft.com/content/302fc14a-66ef-11e7-8526-7b38dcaef614?mhq5j=e7},
}
@Misc{nytugv,
  author       = {John Markoff},
  title        = {Military Lags in Push for Robotic Ground Vehicles},
  howpublished = {Website},
  month        = {09},
  year         = {2013},
  url          = {http://www.nytimes.com/2013/09/24/science/military-lags-in-push-for-robotic-ground-vehicles.html},
}

@Misc{throwugv,
  author       = {Caroline Reese},
  title        = {Endeavor Robotics to Provide U.S. Government with Throwable UGV},
  howpublished = {Website},
  month        = {09},
  year         = {2017},
  url          = {http://www.unmannedsystemstechnology.com/2017/09/endeavor-robotics-provide-u-s-government-throwable-ugv/},
}

@Misc{seahunter,
  author       = {Kris Osborn},
  title        = {Navy sub-hunting drone ship goes on offense},
  howpublished = {Website},
  month        = {01},
  year         = {2017},
  url          = {https://defensesystems.com/articles/2017/01/11/seahunter.aspx},
}

@Misc{seahuntergas,
  author       = {Adam Stone},
  title        = {ACTUV on track for Navy success story},
  howpublished = {Website},
  month        = {12},
  year         = {2016},
  url          = {https://www.c4isrnet.com/unmanned/uas/2016/12/21/actuv-on-track-for-navy-success-story/},
}

@Misc{seahuntercost,
  author       = {Richard A. Burgess},
  title        = {ACTUV Sea Trials Set for Early 2016},
  howpublished = {Website},
  month        = {11},
  year         = {2015},
  url          = {http://science.dodlive.mil/2015/11/09/actuv-sea-trials-set-for-early-2016/},
}

@Misc{argus,
  author       = {Sebastian Anthony},
  title        = {DARPA shows off 1.8-gigapixel surveillance drone, can spot a terrorist from 20,000 feet},
  howpublished = {Website},
  month        = {01},
  year         = {2013},
  url          = {http://www.extremetech.com/extreme/146909-darpa-shows-off-1-8-gigapixel-surveillance-drone-can-spot-a-terrorist-from-20000-feet},
}

@Misc{googleface,
  author       = {Derrick Harris},
  title        = {Google: Our new system for recognizing faces is the best one ever},
  howpublished = {Website},
  month        = {03},
  year         = {2015},
  url          = {http://fortune.com/2015/03/17/google-facenet-artificial-intelligence/},
}

@Misc{gartner,
  author       = {Gartner},
  title        = {Gartner Says Almost 3 Million Personal and Commercial Drones Will Be Shipped in 2017},
  howpublished = {Press Release},
  month        = {02},
  year         = {2017},
  url          = {https://www.gartner.com/newsroom/id/3602317},
}
